<?xml version="1.0" encoding="UTF-8"?><record xmlns="http://www.loc.gov/MARC21/slim" xmlns:cinclude="http://apache.org/cocoon/include/1.0" xmlns:zs="http://www.loc.gov/zing/srw/">
  <leader>00454nz  a2200133n  4500</leader>
  <controlfield tag="001">n  95064981 </controlfield>
  <controlfield tag="003">DLC</controlfield>
  <controlfield tag="005">19950630160135.6</controlfield>
  <controlfield tag="008">950630n| acannaab|          |a ana |||  </controlfield>
  <datafield tag="010" ind1=" " ind2=" ">
    <subfield code="a">n  95064981 </subfield>
  </datafield>
  <datafield tag="040" ind1=" " ind2=" ">
    <subfield code="a">DLC</subfield>
    <subfield code="c">DLC</subfield>
  </datafield>
  <datafield tag="110" ind1="1" ind2="0">
    <subfield code="a">Amurrio (Spain).</subfield>
    <subfield code="b">Ayuntamiento</subfield>
  </datafield>
  <datafield tag="410" ind1="2" ind2="0">
    <subfield code="a">Amurrioko Udala</subfield>
  </datafield>
  <datafield tag="670" ind1=" " ind2=" ">
    <subfield code="a">Primeras Jornadas Municipales sobre la CooperacioĚn Norte-Sur, 1993:</subfield>
    <subfield code="b">t.p. (Ayuntamiento de Amurrio) cover p. 4 (Amurrioko Udala, Ayuntamiento de Amurrio)</subfield>
  </datafield>
</record>